@inproceedings{sudokusat,
  title={Sudoku as a SAT Problem.},
  author={Lynce, In{\^e}s and Ouaknine, Jo{\"e}l},
  booktitle={ISAIM},
  year={2006}
}

@inproceedings{weber2005sat,
  title={A SAT-based Sudoku solver},
  author={Weber, Tjark},
  booktitle={LPAR},
  pages={11--15},
  year={2005}
}
@inproceedings{een2003extensible,
  title={An extensible SAT-solver},
  author={E{\'e}n, Niklas and S{\"o}rensson, Niklas},
  booktitle={International conference on theory and applications of satisfiability testing},
  pages={502--518},
  year={2003},
  organization={Springer}
}

@inproceedings{optimizedencoding,
  title={Optimized CNF encoding for sudoku puzzles},
  author={Kwon, Gihwon and Jain, Himanshu},
  booktitle={Proc. 13th International Conference on Logic for Programming Artificial Intelligence and Reasoning (LPAR2006)},
  pages={1--5},
  year={2006}
}

@article{simonis2005sudoku,
  title={Sudoku as a constraint problem},
  author={Simonis, Helmut},
  journal={Proc. 4th Int. Works. Modelling and Reformulating Constraint Satisfaction Problems},
  pages={13--27},
  year={2005}
}
@article{demoen2014redundant,
  title={Redundant sudoku rules},
  author={Demoen, Bart and de la Banda, Maria Garcia},
  journal={Theory and Practice of Logic Programming},
  volume={14},
  number={3},
  pages={363--377},
  year={2014},
  publisher={Cambridge University Press}
}
